
@misc{noauthor_h2oai_nodate,
	title = {{H2O}.ai {\textbar} {AI} {Cloud} {Platform}},
	url = {https://h2o.ai/},
	urldate = {2022-12-04},
	file = {H2O.ai | AI Cloud Platform:files/330/h2o.ai.html:text/html},
}

@misc{noauthor_visual_nodate,
	title = {Visual {Studio} {Code} - {Code} {Editing}. {Redefined}},
	url = {https://code.visualstudio.com/},
	urldate = {2022-12-04},
}

@misc{noauthor_jenkins_nodate,
	title = {Jenkins},
	url = {https://www.jenkins.io/},
	urldate = {2022-12-04},
}

@misc{tailscale_tailscale_nodate,
	title = {Tailscale},
	url = {https://tailscale.com/},
	abstract = {Tailscale is a zero config VPN for building secure networks. Install on any device in minutes. Remote access from any network or physical location.},
	language = {en},
	urldate = {2022-12-04},
	journal = {Tailscale},
	author = {Tailscale},
	file = {Snapshot:files/335/tailscale.com.html:text/html},
}

@misc{noauthor_what_nodate,
	title = {What is {CI}/{CD}?},
	url = {https://www.redhat.com/en/topics/devops/what-is-ci-cd},
	abstract = {CI/CD introduces ongoing automation and continuous monitoring throughout the lifecycle of apps, from integration and testing phases to delivery and deployment.},
	language = {en},
	urldate = {2022-12-04},
	file = {Snapshot:files/337/what-is-ci-cd.html:text/html},
}

@misc{noauthor_cloud_nodate,
	title = {Cloud {Computing} {Services} - {Amazon} {Web} {Services} ({AWS})},
	url = {https://aws.amazon.com/},
	urldate = {2022-12-04},
	file = {Cloud Computing Services - Amazon Web Services (AWS):files/339/aws.amazon.com.html:text/html},
}

@misc{noauthor_fast_nodate,
	title = {Fast and reliable end-to-end testing for modern web apps {\textbar} {Playwright}},
	url = {https://playwright.dev/},
	abstract = {Cross-browser end-to-end testing for modern web apps},
	language = {en},
	urldate = {2022-12-04},
}
